<?xml version="1.0" encoding="UTF-8"?><record xmlns="http://www.loc.gov/MARC21/slim" xmlns:cinclude="http://apache.org/cocoon/include/1.0" xmlns:zs="http://www.loc.gov/zing/srw/">
  <leader>00692cz  a2200157n  4500</leader>
  <controlfield tag="001">n  79003850 </controlfield>
  <controlfield tag="003">DLC</controlfield>
  <controlfield tag="005">19840828134248.9</controlfield>
  <controlfield tag="008">790117n| acannaab|          |a aaa |||  </controlfield>
  <datafield tag="010" ind1=" " ind2=" ">
    <subfield code="a">n  79003850 </subfield>
  </datafield>
  <datafield tag="040" ind1=" " ind2=" ">
    <subfield code="a">DLC</subfield>
    <subfield code="c">DLC</subfield>
    <subfield code="d">DLC</subfield>
  </datafield>
  <datafield tag="100" ind1="1" ind2="0">
    <subfield code="a">Cornelius, Peter,</subfield>
    <subfield code="d">1824-1874.</subfield>
    <subfield code="t">Barbier von Bagdad.</subfield>
    <subfield code="p">Mein Sohn, sei Allahs Friede hier</subfield>
  </datafield>
  <datafield tag="400" ind1="1" ind2="0">
    <subfield code="a">Cornelius, Peter,</subfield>
    <subfield code="d">1824-1874.</subfield>
    <subfield code="t">Mein Sohn, sei Allahs Friede hier</subfield>
  </datafield>
  <datafield tag="400" ind1="1" ind2="0">
    <subfield code="a">Cornelius, Peter,</subfield>
    <subfield code="d">1824-1874.</subfield>
    <subfield code="t">Mein Sohn, sei Allah's Frieden</subfield>
  </datafield>
  <datafield tag="670" ind1=" " ind2=" ">
    <subfield code="a">Georg Hann [SR] 197- (a.e.)</subfield>
    <subfield code="b">label (Mein Sohn, sei Allahs Friede hier) container (Szene des Abul Hassan mit Nureddin und Chor aus dem 1. Akt)</subfield>
  </datafield>
  <datafield tag="670" ind1=" " ind2=" ">
    <subfield code="a">WERM, suppl. 3</subfield>
    <subfield code="b">(Mein Sohn, sei Allah's Frieden)</subfield>
  </datafield>
</record>